<?xml version="1.0" encoding="UTF-8"?><collection xmlns="http://www.loc.gov/MARC21/slim"><record><leader>00681nam--2200193-i-4500</leader><controlfield tag="001">000025826</controlfield><controlfield tag="002">20161230</controlfield><controlfield tag="005">20161230201036</controlfield><controlfield tag="008">060222s1000------------r-----000-0-eng-d</controlfield><datafield ind1=" " ind2=" " tag="020"><subfield code="a">9971501686</subfield></datafield><datafield ind1=" " ind2=" " tag="040"><subfield code="a">IFIN-HH</subfield></datafield><datafield ind1=" " ind2=" " tag="080"><subfield code="a">530.162:536.68(061.3)</subfield></datafield><datafield ind1="1" ind2=" " tag="100"><subfield code="a">Busiello, G</subfield></datafield><datafield ind1="1" ind2="0" tag="245"><subfield code="a">Advances on phase transitions and disorder phenomena</subfield><subfield code="b">International meeting on advances on phase transitions and disorder phenomena 25-27 june 86, amalfi (sa) italy</subfield><subfield code="c">G. busiello; l. de cesare; f. mancini; m. marinaro (eds.)</subfield></datafield><datafield ind1=" " ind2=" " tag="260"><subfield code="a">Singapore</subfield><subfield code="b">World Scientific</subfield><subfield code="c">1987</subfield></datafield><datafield ind1=" " ind2=" " tag="300"><subfield code="a">IX + 577P</subfield></datafield><datafield ind1="1" ind2=" " tag="700"><subfield code="a">Marinaro, M</subfield><subfield code="e">Ed</subfield></datafield><datafield ind1=" " ind2=" " tag="852"><subfield code="a">74737</subfield><subfield code="c">536.7</subfield></datafield><datafield ind1=" " ind2=" " tag="CAT"><subfield code="a">Sys</subfield><subfield code="c">20110602</subfield><subfield code="h">092536</subfield></datafield></record></collection>